@article{lei_distribution-free_2018,
	title = {Distribution-free predictive inference for regression},
	volume = {113},
	number = {523},
	journal = {Journal of the American Statistical Association},
	author = {Lei, Jing and Gâ€™Sell, Max and Rinaldo, Alessandro and Tibshirani, Ryan J and Wasserman, Larry},
	year = {2018},
	note = {Publisher: Taylor \& Francis},
	pages = {1094--1111},
}


@misc{tibshirani_loco_2018,
	title = {{LOCO}: {The} {Good}, the {Bad}, and the {Ugly}},
	url = {http://www.stat.cmu.edu/~ryantibs/talks/loco-2018.pdf},
	author = {Tibshirani, Ryan},
	year = {2018},
}
